@ARTICLE{High_Power_Fiber_Lasers:_A_Review,
  author={Zervas, Michalis N. and Codemard, Christophe A.},
  journal={IEEE Journal of Selected Topics in Quantum Electronics},
  title={High Power Fiber Lasers: A Review},
  year={2014},
  volume={20},
  number={5},
  pages={219-241},
  keywords={Optical fiber amplifiers;Laser excitation;Fiber lasers;Pump lasers;Optical fiber couplers;Brightness;Absorption;Beam quality;brightness;cladding-pumping;fiber amplifiers;fiber lasers;high power;holmium-doped;industrial lasers;material processing;modal instabilities;optical damage;optical fibers;optical fiber nonlinearities;optical pulses;photodarkening;pump combiners;thulium-doped;transverse mode instabilities;ytterbium-doped},
  doi={10.1109/JSTQE.2014.2321279}}

@article{horton2013vivo,
  title={In vivo three-photon microscopy of subcortical structures within an intact mouse brain},
  author={Horton, Nicholas G and Wang, Ke and Kobat, Demirhan and Clark, Catharine G and Wise, Frank W and Schaffer, Chris B and Xu, Chris},
  journal={Nature photonics},
  volume={7},
  number={3},
  pages={205--209},
  year={2013},
  publisher={Nature Publishing Group UK London}
}

@article{zipfel2003nonlinear,
  title={Nonlinear magic: multiphoton microscopy in the biosciences},
  author={Zipfel, Warren R and Williams, Rebecca M and Webb, Watt W},
  journal={Nature biotechnology},
  volume={21},
  number={11},
  pages={1369--1377},
  year={2003},
  publisher={Nature Publishing Group US New York}
}

@article{dudley2006supercontinuum,
  title={Supercontinuum generation in photonic crystal fiber},
  author={Dudley, John M and Genty, Go{\"e}ry and Coen, St{\'e}phane},
  journal={Reviews of modern physics},
  volume={78},
  number={4},
  pages={1135--1184},
  year={2006},
  publisher={APS}
}

@article{ludlow2015optical,
  title={Optical atomic clocks},
  author={Ludlow, Andrew D and Boyd, Martin M and Ye, Jun and Peik, Ekkehard and Schmidt, Piet O},
  journal={Reviews of Modern Physics},
  volume={87},
  number={2},
  pages={637--701},
  year={2015},
  publisher={APS}
}

@article{eidam2010fiber,
  title={Fiber chirped-pulse amplification system emitting 3.8 GW peak power},
  author={Eidam, Tino and Rothhardt, Jan and Stutzki, Fabian and Jansen, Florian and H{\"a}drich, Steffen and Carstens, Henning and Jauregui, Cesar and Limpert, Jens and T{\"u}nnermann, Andreas},
  journal={Optics express},
  volume={19},
  number={1},
  pages={255--260},
  year={2010},
  publisher={Optical Society of America}
}

@article{paschotta1997ytterbium,
  title={Ytterbium-doped fiber amplifiers},
  author={Paschotta, Rudiger and Nilsson, Johan and Tropper, Anne C and Hanna, David C},
  journal={IEEE Journal of quantum electronics},
  volume={33},
  number={7},
  pages={1049--1056},
  year={1997},
  publisher={IEEE}
}

@article{wang2019926,
  title={926 nm Yb-doped fiber femtosecond laser system for two-photon microscopy},
  author={Wang, Pinghe and Xu, Xin and Guo, Zhengru and Jin, Xingjie and Shi, Guohua},
  journal={Applied Physics Express},
  volume={12},
  number={3},
  pages={032008},
  year={2019},
  publisher={IOP Publishing}
}

@article{kim2012two,
  title={Two-photon microscopy using an Yb3+-doped fiber laser with variable pulse widths},
  author={Kim, Dong Uk and Song, Hoseong and Song, Woosub and Kwon, Hyuk-Sang and Sung, Miae and Kim, Dug Young},
  journal={Optics express},
  volume={20},
  number={11},
  pages={12341--12349},
  year={2012},
  publisher={Optical Society of America}
}

@article{perillo2016deep,
  title={Deep in vivo two-photon microscopy with a low cost custom built mode-locked 1060 nm fiber laser},
  author={Perillo, Evan P and McCracken, Justin E and Fern{\'e}e, Daniel C and Goldak, John R and Medina, Flor A and Miller, David R and Yeh, Hsin-Chih and Dunn, Andrew K},
  journal={Biomedical optics express},
  volume={7},
  number={2},
  pages={324--334},
  year={2016},
  publisher={Optical Society of America}
}

@article{karpf2016two,
  title={Two-photon microscopy using fiber-based nanosecond excitation},
  author={Karpf, Sebastian and Eibl, Matthias and Sauer, Benjamin and Reinholz, Fred and H{\"u}ttmann, Gereon and Huber, Robert},
  journal={Biomedical Optics Express},
  volume={7},
  number={7},
  pages={2432--2440},
  year={2016},
  publisher={Optical Society of America}
}

@article{toda2017temporal,
  title={Temporal focusing microscopy using three-photon excitation fluorescence with a 92-fs Yb-fiber chirped pulse amplifier},
  author={Toda, Keisuke and Isobe, Keisuke and Namiki, Kana and Kawano, Hiroyuki and Miyawaki, Atsushi and Midorikawa, Katsumi},
  journal={Biomedical Optics Express},
  volume={8},
  number={6},
  pages={2796--2806},
  year={2017},
  publisher={Optical Society of America}
}

@article{moritomo2020multi,
  title={Multi-photon fluorescence microscopy imaging of mitochondria in living cells excited by Yb-doped femtosecond fiber laser utilizing two-and three-photon competitive absorption},
  author={Moritomo, H and Onishi, S and Makino, Y and Matsumoto, K and Suzuki, Y and Kawamata, J},
  journal={AIP Advances},
  volume={10},
  number={9},
  year={2020},
  publisher={AIP Publishing}
}

@article{klioutchnikov2023three,
  title={A three-photon head-mounted microscope for imaging all layers of visual cortex in freely moving mice},
  author={Klioutchnikov, Alexandr and Wallace, Damian J and Sawinski, Juergen and Voit, Kay-Michael and Groemping, Yvonne and Kerr, Jason ND},
  journal={Nature methods},
  volume={20},
  number={4},
  pages={610--616},
  year={2023},
  publisher={Nature Publishing Group US New York}
}

@article{grelu2012dissipative,
  title={Dissipative solitons for mode-locked lasers},
  author={Grelu, Philippe and Akhmediev, Nail},
  journal={Nature photonics},
  volume={6},
  number={2},
  pages={84--92},
  year={2012},
  publisher={Nature Publishing Group UK London}
}

@article{grelu2024solitary,
  title={Solitary waves in ultrafast fiber lasers: From solitons to dissipative solitons},
  author={Grelu, Philippe},
  journal={Optics Communications},
  volume={552},
  pages={130035},
  year={2024},
  publisher={Elsevier}
}

@article{han2021spectral,
  title={Spectral evolution in fiber lasers with soliton self-frequency shift effect},
  author={Han, Mengmeng and Du, Yueqing and Cheng, Peiyun and Shu, Xuewen},
  journal={IEEE Photonics Journal},
  volume={13},
  number={2},
  pages={1--11},
  year={2021},
  publisher={IEEE}
}

@article{gaida2015self,
  title={Self-compression in a solid fiber to 24 MW peak power with few-cycle pulses at 2 $\mu$m wavelength},
  author={Gaida, C and Gebhardt, M and Stutzki, F and Jauregui, C and Limpert, J and T{\"u}nnermann, A},
  journal={Optics letters},
  volume={40},
  number={22},
  pages={5160--5163},
  year={2015},
  publisher={Optical Society of America}
}

@inproceedings{giree2015high,
  title={High-energy, 34 fs, fiber source via nonlinear compression in hypocycloid-core Kagome fiber},
  author={Giree, Achut and Guichard, Florent and Zaouter, Yoann and Hanna, Marc and Machinet, Guillaume and Debord, Benoit and Gerome, Frederic and Dupriez, Pascal and H{\"o}nninger, Clemens and Mottay, Eric and others},
  booktitle={2015 Conference on Lasers and Electro-Optics (CLEO)},
  pages={1--2},
  year={2015},
  organization={IEEE}
}

@article{zhang2013sub,
  title={Sub-50 fs Yb-doped laser with anomalous-dispersion photonic crystal fiber},
  author={Zhang, Zuxing and {\c{S}}enel, {\c{C}} and Hamid, R and Ilday, F{\"O}},
  journal={Optics letters},
  volume={38},
  number={6},
  pages={956--958},
  year={2013},
  publisher={Optical Society of America}
}

@article{kurita2011dispersion,
  title={Dispersion compensation in an Yb-doped fiber oscillator for generating transform-limited, wing-free pulses},
  author={Kurita, Takashi and Yoshida, Hidetsugu and Furuse, Hiroaki and Kawashima, Toshiyuki and Miyanaga, Noriaki},
  journal={Optics Express},
  volume={19},
  number={25},
  pages={25199--25205},
  year={2011},
  publisher={Optical Society of America}
}

@article{hou2018sub,
  title={Sub-200 femtosecond dispersion-managed soliton ytterbium-doped fiber laser based on carbon nanotubes saturable absorber},
  author={Hou, Lei and Guo, Hongyu and Wang, Yonggang and Sun, Jiang and Lin, Qimeng and Bai, Yang and Bai, Jintao},
  journal={Optics express},
  volume={26},
  number={7},
  pages={9063--9070},
  year={2018},
  publisher={Optical Society of America}
}

@article{wollenhaupt2007femtosecond,
  title={Femtosecond laser pulses: linear properties, manipulation, generation and measurement},
  author={Wollenhaupt, Matthias and Assion, Andreas and Baumert, Thomas},
  journal={Springer Handbook of Lasers and Optics},
  pages={937},
  year={2007}
}

@article{tavella2010fiber,
  title={Fiber-amplifier pumped high average power few-cycle pulse non-collinear OPCPA},
  author={Tavella, F and Willner, A and Rothhardt, J and H{\"a}drich, S and Seise, E and D{\"u}sterer, S and Tschentscher, T and Schlarb, H and Feldhaus, J and Limpert, J and others},
  journal={Optics express},
  volume={18},
  number={5},
  pages={4689--4694},
  year={2010},
  publisher={Optical Society of America}
}